<?xml version="1.0" encoding="UTF-8"?><collection xmlns="http://www.loc.gov/MARC21/slim"><record><leader>00386nam--2200145-i-4500</leader><controlfield tag="001">000013433</controlfield><controlfield tag="002">20161230</controlfield><controlfield tag="005">20170305195121</controlfield><controlfield tag="008">060222s1000------------r-----000-0-eng-d</controlfield><datafield ind1=" " ind2=" " tag="100"><subfield code="a">Bayulke, Nejat</subfield></datafield><datafield ind1=" " ind2=" " tag="245"><subfield code="a">Yigma yapilar</subfield></datafield><datafield ind1=" " ind2=" " tag="260"><subfield code="a">Ankara</subfield><subfield code="b">Imar Ve Iskan Bakanligi Deprem Arastir Ma Enstitusu Baskanligy</subfield><subfield code="c">1980</subfield></datafield><datafield ind1=" " ind2=" " tag="300"><subfield code="a">111 p</subfield></datafield><datafield ind1=" " ind2=" " tag="852"><subfield code="a">550.34</subfield></datafield><datafield ind1=" " ind2=" " tag="CAT"><subfield code="a">SYS</subfield><subfield code="c">20170305</subfield><subfield code="h">195121</subfield></datafield></record></collection>